
@unpublished{gebert_epitaxialtransfer_2023,
	title = {{Epitaxial} {transfer} of {TI} {Bi}$_2${Te}$_3$ onto {Ferrimagnetic} {Insulator} {TbIG}},
	author = {Gebert, M. and Caucer, G. and Akhgar, G. and Cortie, D. and Dennis Y.C. Leung and Edmonds, M. T. and Bhattacharyya, S. and Fuhrer, M. S.},
	year = {2023},
}


@COMMENT{gebert_epitaxialgrowth_2023,
	title = {{Epitaxial} {growth} of {TI} {Bi}$_2${Te}$_3$ on {Ferrimagnetic} {Insulator} {TbIG}},
	author = {Gebert, M. and Caucer, G. and Cortie, D. and Dennis Y.C. Leung and Bhattacharyya, S. and Fuhrer, M. S.},
	year = {2023},
}